<?xml version="1.0"?>
<collection xmlns="http://www.loc.gov/MARC21/slim">
  <record>
    <leader>01634nam a2200361 a 4500</leader>
    <controlfield tag="001">cihm_28837</controlfield>
    <controlfield tag="003">CaSfIA</controlfield>
    <controlfield tag="005">20160212080743.0</controlfield>
    <controlfield tag="007">cr||||||||||||</controlfield>
    <controlfield tag="008">860311s1882    onc     b     000 0 eng d</controlfield>
    <datafield tag="020" ind1=" " ind2=" ">
      <subfield code="a">0665288379</subfield>
    </datafield>
    <datafield tag="035" ind1=" " ind2=" ">
      <subfield code="a">ocn317952219</subfield>
    </datafield>
    <datafield tag="040" ind1=" " ind2=" ">
      <subfield code="a">CaOOCIHM</subfield>
      <subfield code="b">eng</subfield>
      <subfield code="c">CaOOCIHM</subfield>
      <subfield code="d">AEU</subfield>
      <subfield code="d">CaSfIA</subfield>
    </datafield>
    <datafield tag="043" ind1=" " ind2=" ">
      <subfield code="a">n-cn-on</subfield>
    </datafield>
    <datafield tag="082" ind1="0" ind2=" ">
      <subfield code="a">657/.06</subfield>
      <subfield code="2">19</subfield>
    </datafield>
    <datafield tag="090" ind1=" " ind2=" ">
      <subfield code="a">FC 02 0203 no. 28837</subfield>
      <subfield code="b">AEU</subfield>
    </datafield>
    <datafield tag="110" ind1="2" ind2=" ">
      <subfield code="a">Institute of Chartered Accountants of Ontario.</subfield>
    </datafield>
    <datafield tag="245" ind1="1" ind2="0">
      <subfield code="a">Inaugural meeting, May 18, 1882</subfield>
      <subfield code="h">[electronic resource] </subfield>
      <subfield code="b">president's address, letters, resolutions, speeches, officers and council of  the institute, list of members.</subfield>
    </datafield>
    <datafield tag="260" ind1=" " ind2=" ">
      <subfield code="a">[Toronto? :</subfield>
      <subfield code="b">s.n.,</subfield>
      <subfield code="c">1882?]</subfield>
      <subfield code="e">([Toronto] :</subfield>
      <subfield code="f">E.F. Clarke)</subfield>
    </datafield>
    <datafield tag="300" ind1=" " ind2=" ">
      <subfield code="a">1 microfiche (15 fr.).</subfield>
    </datafield>
    <datafield tag="490" ind1="1" ind2=" ">
      <subfield code="a">CIHM/ICMH Microfiche series = CIHM/ICMH collection de microfiches ;</subfield>
      <subfield code="v">no. 28837</subfield>
    </datafield>
    <datafield tag="500" ind1=" " ind2=" ">
      <subfield code="a">At head of title: Institute of Accountants, province of Ontario, Dominion of Canada. Session, 1882-3.</subfield>
    </datafield>
    <datafield tag="500" ind1=" " ind2=" ">
      <subfield code="a">"Samuel B. Harman, D.C.L., barrister-at-law ..."</subfield>
    </datafield>
    <datafield tag="533" ind1=" " ind2=" ">
      <subfield code="a">Filmed from a copy of the original publication held by the Metropolitan Toronto Library, Business Department.</subfield>
      <subfield code="b">Ottawa :</subfield>
      <subfield code="c">Canadian Institute for Historical Microreproductions,</subfield>
      <subfield code="d">1984.</subfield>
    </datafield>
    <datafield tag="534" ind1=" " ind2=" ">
      <subfield code="e">22 p.</subfield>
    </datafield>
    <datafield tag="596" ind1=" " ind2=" ">
      <subfield code="a">43</subfield>
    </datafield>
    <datafield tag="610" ind1="2" ind2="0">
      <subfield code="a">Institute of Chartered Accountants of Ontario.</subfield>
    </datafield>
    <datafield tag="610" ind1="2" ind2="6">
      <subfield code="a">Institute of Chartered Accountants of Ontario.</subfield>
    </datafield>
    <datafield tag="650" ind1=" " ind2="0">
      <subfield code="a">Accounting</subfield>
      <subfield code="z">Ontario</subfield>
      <subfield code="x">Societies, etc.</subfield>
    </datafield>
    <datafield tag="650" ind1=" " ind2="6">
      <subfield code="a">Comptabilit&#xC3;&#xA9;</subfield>
      <subfield code="z">Ontario</subfield>
      <subfield code="x">Soci&#xC3;&#xA9;t&#xC3;&#xA9;s</subfield>
    </datafield>
    <!-- No separator at end of field length=45 -->
    <datafield tag="830" ind1=" " ind2="e">
      <subfield code="c">.</subfield>
    </datafield>
    <!-- Separator but not at end of field length=45 -->
    <datafield tag="856" ind1="4" ind2="1">
      <subfield code="u">http://archive.org/details/cihm_28837</subfield>
      <subfield code="z">Free eBook from the Internet Archive</subfield>
    </datafield>
    <datafield tag="856" ind1="4" ind2="2">
      <subfield code="u">http://www.openlibrary.org/books/OL24227716M</subfield>
      <subfield code="z">Additional information and access via Open Library</subfield>
    </datafield>
    <!-- Separator but not at end of field length=22 -->
    <datafield tag="016" ind1="M" ind2="M">
      <subfield code="R">E</subfield>
    </datafield>
    <!-- Separator but not at end of field length=15 -->
    <!-- Separator but not at end of field length=58 -->
  </record>
</collection>
